<record><leader>00000cas a22000007a 4500</leader><controlfield tag="001">464598653</controlfield><controlfield tag="008">091110d19uu19uuinucr ne      0    0eng d</controlfield><datafield ind1=" " ind2=" " tag="010"><subfield code="a">sn2009271352</subfield></datafield><datafield ind1=" " ind2=" " tag="040"><subfield code="a">NPI</subfield><subfield code="b">eng</subfield><subfield code="c">NPI</subfield><subfield code="d">NPI</subfield><subfield code="d">OCLCQ</subfield><subfield code="d">OCLCF</subfield><subfield code="d">OCLCO</subfield></datafield><datafield ind1=" " ind2=" " tag="042"><subfield code="a">msc</subfield></datafield><datafield ind1=" " ind2=" " tag="043"><subfield code="a">n-us-in</subfield></datafield><datafield ind1="0" ind2="0" tag="245"><subfield code="a">Milroy semi-weekly press.</subfield></datafield><datafield ind1="3" ind2=" " tag="246"><subfield code="a">Milroy semiweekly press</subfield></datafield><datafield ind1=" " ind2=" " tag="260"><subfield code="a">Milroy, Ind. :</subfield><subfield code="b">Press Pub. Co.</subfield></datafield><datafield ind1=" " ind2=" " tag="300"><subfield code="a">v. :</subfield><subfield code="b">ill. ;</subfield><subfield code="c">56 cm.</subfield></datafield><datafield ind1=" " ind2=" " tag="310"><subfield code="a">Semiweekly</subfield></datafield><datafield ind1=" " ind2=" " tag="588"><subfield code="a">Description based on: Vol. 18, no. 78 (Oct. 4, 1912).</subfield></datafield><datafield ind1=" " ind2=" " tag="588"><subfield code="a">Latest issue consulted: Vol. 18, no. 78 (Oct. 4, 1912).</subfield></datafield><datafield ind1=" " ind2="0" tag="651"><subfield code="a">Milroy (Ind.)</subfield><subfield code="v">Newspapers.</subfield></datafield><datafield ind1=" " ind2="7" tag="655"><subfield code="a">Newspapers.</subfield><subfield code="2">fast</subfield><subfield code="0">(OCoLC)fst01423814</subfield></datafield><datafield ind1=" " ind2="7" tag="651"><subfield code="a">Indiana</subfield><subfield code="z">Milroy.</subfield><subfield code="2">fast</subfield><subfield code="0">(OCoLC)fst01238879</subfield></datafield><datafield ind1=" " ind2=" " tag="752"><subfield code="a">United States</subfield><subfield code="b">Indiana</subfield><subfield code="c">Rush</subfield><subfield code="d">Milroy.</subfield></datafield></record>